%% This BibTeX bibliography file was created using BibDesk.
%% http://bibdesk.sourceforge.net/

%% Created for 葉聿家 at 2017-04-28 11:47:03 +0200 


%% Saved with string encoding Unicode (UTF-8) 



@article{dEnterria:2013aa,
	Author = {dʼEnterria, David and Snigirev, Alexander M.},
	Date = {2013/11/25/},
	Date-Added = {2017-04-27 11:24:40 +0000},
	Date-Modified = {2017-04-27 11:24:40 +0000},
	Day = {25},
	Doi = {http://doi.org/10.1016/j.physletb.2013.10.004},
	Isbn = {0370-2693},
	Journal = {Physics Letters B},
	Month = {11},
	Number = {1--3},
	Pages = {157--162},
	Title = {Enhanced -pair production from double-parton scatterings in nucleus--nucleus collisions at the Large Hadron Collider},
	Ty = {JOUR},
	Url = {http://www.sciencedirect.com/science/article/pii/S0370269313007971},
	Volume = {727},
	Year = {2013},
	Bdsk-Url-1 = {http://www.sciencedirect.com/science/article/pii/S0370269313007971},
	Bdsk-Url-2 = {http://doi.org/10.1016/j.physletb.2013.10.004}}

@article{Aaij201252,
	Abstract = {The production of J / ψ pairs in proton--proton collisions at a centre-of-mass energy of 7 TeV has been observed using an integrated luminosity of 37.5 pb−1 collected with the \{LHCb\} detector. The production cross-section for pairs with both J / ψ in the rapidity range 2 &lt; y J / ψ &lt; 4.5 and transverse momentum p T J / ψ &lt; 10 GeV / c is σ J / ψ J / ψ = 5.1 $\pm$ 1.0 $\pm$ 1.1 nb , where the first uncertainty is statistical and the second systematic. },
	Author = {R. Aaij and B. Adeva and M. Adinolfi and C. Adrover and A. Affolder and Z. Ajaltouni and J. Albrecht and F. Alessio and M. Alexander and G. Alkhazov and P. Alvarez Cartelle and A.A. Alves Jr. and S. Amato and Y. Amhis and J. Anderson and R.B. Appleby and O. Aquines Gutierrez and F. Archilli and L. Arrabito and A. Artamonov and M. Artuso and E. Aslanides and G. Auriemma and S. Bachmann and J.J. Back and D.S. Bailey and V. Balagura and W. Baldini and R.J. Barlow and C. Barschel and S. Barsuk and W. Barter and A. Bates and C. Bauer and Th. Bauer and A. Bay and I. Bediaga and K. Belous and I. Belyaev and E. Ben-Haim and M. Benayoun and G. Bencivenni and S. Benson and J. Benton and R. Bernet and M.-O. Bettler and M. van Beuzekom and A. Bien and S. Bifani and A. Bizzeti and P.M. Bj{\o}rnstad and T. Blake and F. Blanc and C. Blanks and J. Blouw and S. Blusk and A. Bobrov and V. Bocci and A. Bondar and N. Bondar and W. Bonivento and S. Borghi and A. Borgia and T.J.V. Bowcock and C. Bozzi and T. Brambach and J. van den Brand and J. Bressieux and D. Brett and S. Brisbane and M. Britsch and T. Britton and N.H. Brook and H. Brown and A. B{\"u}chler-Germann and I. Burducea and A. Bursche and J. Buytaert and S. Cadeddu and J.M. Caicedo Carvajal and O. Callot and M. Calvi and M. Calvo Gomez and A. Camboni and P. Campana and A. Carbone and G. Carboni and R. Cardinale and A. Cardini and L. Carson and K. Carvalho Akiba and G. Casse and M. Cattaneo and M. Charles and Ph. Charpentier and N. Chiapolini and K. Ciba and X. Cid Vidal and G. Ciezarek and P.E.L. Clarke and M. Clemencic and H.V. Cliff and J. Closier and C. Coca and V. Coco and J. Cogan and P. Collins and F. Constantin and G. Conti and A. Contu and A. Cook and M. Coombes and G. Corti and G.A. Cowan and R. Currie and B. DʼAlmagne and C. DʼAmbrosio and P. David and I. De Bonis and S. De Capua and M. De Cian and F. De Lorenzi and J.M. De Miranda and L. De Paula and P. De Simone and D. Decamp and M. Deckenhoff and H. Degaudenzi and M. Deissenroth and L. Del Buono and C. Deplano and O. Deschamps and F. Dettori and J. Dickens and H. Dijkstra and P. Diniz Batista and S. Donleavy and A. Dosil Su{\'a}rez and D. Dossett and A. Dovbnya and F. Dupertuis and R. Dzhelyadin and C. Eames and S. Easo and U. Egede and V. Egorychev and S. Eidelman and D. van Eijk and F. Eisele and S. Eisenhardt and R. Ekelhof and L. Eklund and Ch. Elsasser and D.G. dʼEnterria and D. Esperante Pereira and L. Est{\`e}ve and A. Falabella and E. Fanchini and C. F{\"a}rber and G. Fardell and C. Farinelli and S. Farry and V. Fave and V. Fernandez Albor and M. Ferro-Luzzi and S. Filippov and C. Fitzpatrick and M. Fontana and F. Fontanelli and R. Forty and M. Frank and C. Frei and M. Frosini and S. Furcas and A. Gallas Torreira and D. Galli and M. Gandelman and P. Gandini and Y. Gao and J.-C. Garnier and J. Garofoli and J. Garra Tico and L. Garrido and C. Gaspar and N. Gauvin and M. Gersabeck and T. Gershon and Ph. Ghez and V. Gibson and V.V. Gligorov and C. G{\"o}bel and D. Golubkov and A. Golutvin and A. Gomes and H. Gordon and M. Grabalosa G{\'a}ndara and R. Graciani Diaz and L.A. Granado Cardoso and E. Graug{\'e}s and G. Graziani and A. Grecu and S. Gregson and B. Gui and E. Gushchin and Yu. Guz and T. Gys and G. Haefeli and C. Haen and S.C. Haines and T. Hampson and S. Hansmann-Menzemer and R. Harji and N. Harnew and J. Harrison and P.F. Harrison and J. He and V. Heijne and K. Hennessy and P. Henrard and J.A. Hernando Morata and E. van Herwijnen and E. Hicks and W. Hofmann and K. Holubyev and P. Hopchev and W. Hulsbergen and P. Hunt and T. Huse and R.S. Huston and D. Hutchcroft and D. Hynds and V. Iakovenko and P. Ilten and J. Imong and R. Jacobsson and A. Jaeger and M. Jahjah Hussein and E. Jans and F. Jansen and P. Jaton and B. Jean-Marie and F. Jing and M. John and D. Johnson and C.R. Jones and B. Jost and S. Kandybei and M. Karacson and T.M. Karbach and J. Keaveney and U. Kerzel and T. Ketel and A. Keune and B. Khanji and Y.M. Kim and M. Knecht and S. Koblitz and P. Koppenburg and A. Kozlinskiy and L. Kravchuk and K. Kreplin and M. Kreps and G. Krocker and P. Krokovny and F. Kruse and K. Kruzelecki and M. Kucharczyk and S. Kukulak and R. Kumar and T. Kvaratskheliya and V.N. La Thi and D. Lacarrere and G. Lafferty and A. Lai and D. Lambert and R.W. Lambert and E. Lanciotti and G. Lanfranchi and C. Langenbruch and T. Latham and R. Le Gac and J. van Leerdam and J.-P. Lees and R. Lef{\`e}vre and A. Leflat and J. Lefran{\c c}ois and O. Leroy and T. Lesiak and L. Li and L. Li Gioi and M. Lieng and M. Liles and R. Lindner and C. Linn and B. Liu and G. Liu and J.H. Lopes and E. Lopez Asamar and N. Lopez-March and J. Luisier and F. Machefert and I.V. Machikhiliyan and F. Maciuc and O. Maev and J. Magnin and S. Malde and R.M.D. Mamunur and G. Manca and G. Mancinelli and N. Mangiafave and U. Marconi and R. M{\"a}rki and J. Marks and G. Martellotti and A. Martens and L. Martin and A. Mart{\'\i}n S{\'a}nchez and D. Martinez Santos and A. Massafferri and Z. Mathe and C. Matteuzzi and M. Matveev and E. Maurice and B. Maynard and A. Mazurov and G. McGregor and R. McNulty and C. Mclean and M. Meissner and M. Merk and J. Merkel and R. Messi and S. Miglioranzi and D.A. Milanes and M.-N. Minard and S. Monteil and D. Moran and P. Morawski and R. Mountain and I. Mous and F. Muheim and K. M{\"u}ller and R. Muresan and B. Muryn and M. Musy and J. Mylroie-Smith and P. Naik and T. Nakada and R. Nandakumar and J. Nardulli and I. Nasteva and M. Nedos and M. Needham and N. Neufeld and C. Nguyen-Mau and M. Nicol and S. Nies and V. Niess and N. Nikitin and A. Novoselov and A. Oblakowska-Mucha and V. Obraztsov and S. Oggero and S. Ogilvy and O. Okhrimenko and R. Oldeman and M. Orlandea and J.M. Otalora Goicochea and P. Owen and B. Pal and J. Palacios and M. Palutan and J. Panman and A. Papanestis and M. Pappagallo and C. Parkes and C.J. Parkinson and G. Passaleva and G.D. Patel and M. Patel and S.K. Paterson and G.N. Patrick and C. Patrignani and C. Pavel-Nicorescu and A. Pazos Alvarez and A. Pellegrino and G. Penso and M. Pepe Altarelli and S. Perazzini and D.L. Perego and E. Perez Trigo and A. P{\'e}rez-Calero Yzquierdo and P. Perret and M. Perrin-Terrin and G. Pessina and A. Petrella and A. Petrolini and B. Pie Valls and B. Pietrzyk and T. Pilar and D. Pinci and R. Plackett and S. Playfer and M. Plo Casasus and G. Polok and A. Poluektov and E. Polycarpo and D. Popov and B. Popovici and C. Potterat and A. Powell and T. du Pree and J. Prisciandaro and V. Pugatch and A. Puig Navarro and W. Qian and J.H. Rademacker and B. Rakotomiaramanana and M.S. Rangel and I. Raniuk and G. Raven and S. Redford and M.M. Reid and A.C. dos Reis and S. Ricciardi and K. Rinnert and D.A. Roa Romero and P. Robbe and E. Rodrigues and F. Rodrigues and P. Rodriguez Perez and G.J. Rogers and S. Roiser and V. Romanovsky and J. Rouvinet and T. Ruf and H. Ruiz and G. Sabatino and J.J. Saborido Silva and N. Sagidova and P. Sail and B. Saitta and C. Salzmann and M. Sannino and R. Santacesaria and R. Santinelli and E. Santovetti and M. Sapunov and A. Sarti and C. Satriano and A. Satta and M. Savrie and D. Savrina and P. Schaack and M. Schiller and S. Schleich and M. Schmelling and B. Schmidt and O. Schneider and A. Schopper and M.-H. Schune and R. Schwemmer and A. Sciubba and M. Seco and A. Semennikov and K. Senderowska and I. Sepp and N. Serra and J. Serrano and P. Seyfert and B. Shao and M. Shapkin and I. Shapoval and P. Shatalov and Y. Shcheglov and T. Shears and L. Shekhtman and O. Shevchenko and V. Shevchenko and A. Shires and R. Silva Coutinho and H.P. Skottowe and T. Skwarnicki and A.C. Smith and N.A. Smith and K. Sobczak and F.J.P. Soler and A. Solomin and F. Soomro and B. Souza De Paula and B. Spaan and A. Sparkes and P. Spradlin and F. Stagni and S. Stahl and O. Steinkamp and S. Stoica and S. Stone and B. Storaci and M. Straticiuc and U. Straumann and N. Styles and V.K. Subbiah and S. Swientek and M. Szczekowski and P. Szczypka and T. Szumlak and S. TʼJampens and E. Teodorescu and F. Teubert and C. Thomas and E. Thomas and J. van Tilburg and V. Tisserand and M. Tobin and S. Topp-Joergensen and M.T. Tran and A. Tsaregorodtsev and N. Tuning and A. Ukleja and P. Urquijo and U. Uwer and V. Vagnoni and G. Valenti and R. Vazquez Gomez and P. Vazquez Regueiro and S. Vecchi and J.J. Velthuis and M. Veltri and K. Vervink and B. Viaud and I. Videau and X. Vilasis-Cardona and J. Visniakov and A. Vollhardt and D. Voong and A. Vorobyev and H. Voss and K. Wacker and S. Wandernoth and J. Wang and D.R. Ward and A.D. Webber and D. Websdale and M. Whitehead and D. Wiedner and L. Wiggers and G. Wilkinson and M.P. Williams and M. Williams and F.F. Wilson and J. Wishahi and M. Witek and W. Witzeling and S.A. Wotton and K. Wyllie and Y. Xie and F. Xing and Z. Yang and R. Young and O. Yushchenko and M. Zavertyaev and L. Zhang and W.C. Zhang and Y. Zhang and A. Zhelezov and L. Zhong and E. Zverev and A. Zvyagin},
	Date-Added = {2017-04-27 11:23:18 +0000},
	Date-Modified = {2017-04-27 11:23:18 +0000},
	Doi = {http://doi.org/10.1016/j.physletb.2011.12.015},
	Issn = {0370-2693},
	Journal = {Physics Letters B},
	Number = {1},
	Pages = {52 - 59},
	Title = {Observation of -pair production in pp collisions at},
	Url = {http://www.sciencedirect.com/science/article/pii/S0370269311014729},
	Volume = {707},
	Year = {2012},
	Bdsk-Url-1 = {http://www.sciencedirect.com/science/article/pii/S0370269311014729},
	Bdsk-Url-2 = {http://doi.org/10.1016/j.physletb.2011.12.015}}

@article{Adam2017212,
	Abstract = {Abstract The inclusive J/ψ production has been studied in Pb--Pb and pp collisions at the centre-of-mass energy per nucleon pair s \{NN\} = 5.02  TeV , using the \{ALICE\} detector at the \{CERN\} LHC. The J/ψ meson is reconstructed, in the centre-of-mass rapidity interval 2.5 &lt; y &lt; 4 and in the transverse-momentum range p T &lt; 12  GeV / c , via its decay to a muon pair. In this Letter, we present results on the inclusive J/ψ cross section in pp collisions at s = 5.02  TeV and on the nuclear modification factor R \{AA\} . The latter is presented as a function of the centrality of the collision and, for central collisions, as a function of the transverse momentum p T of the J/ψ. The measured R \{AA\} values indicate a suppression of the J/ψ in nuclear collisions and are then compared to our previous results obtained in Pb--Pb collisions at s \{NN\} = 2.76  TeV . The ratio of the R \{AA\} values at the two energies is also computed and compared to calculations of statistical and dynamical models. The numerical value of the ratio for central events (0--10% centrality) is 1.17 $\pm$ 0.04 ( stat ) $\pm$ 0.20 ( syst ) . In central events, as a function of p T , a slight increase of R \{AA\} with collision energy is visible in the region 2 &lt; p T &lt; 6  GeV / c . Theoretical calculations qualitatively describe the measurements, within uncertainties. },
	Author = {J. Adam and D. Adamov{\'a} and M.M. Aggarwal and G. Aglieri Rinella and M. Agnello and N. Agrawal and Z. Ahammed and S. Ahmad and S.U. Ahn and S. Aiola and A. Akindinov and S.N. Alam and D.S.D. Albuquerque and D. Aleksandrov and B. Alessandro and D. Alexandre and R. Alfaro Molina and A. Alici and A. Alkin and J. Alme and T. Alt and S. Altinpinar and I. Altsybeev and C. Alves Garcia Prado and M. An and C. Andrei and H.A. Andrews and A. Andronic and V. Anguelov and C. Anson and T. Anti{\v c}i{\'c} and F. Antinori and P. Antonioli and L. Aphecetche and H. Appelsh{\"a}user and S. Arcelli and R. Arnaldi and O.W. Arnold and I.C. Arsene and M. Arslandok and B. Audurier and A. Augustinus and R. Averbeck and M.D. Azmi and A. Badal{\`a} and Y.W. Baek and S. Bagnasco and R. Bailhache and R. Bala and S. Balasubramanian and A. Baldisseri and R.C. Baral and A.M. Barbano and R. Barbera and F. Barile and G.G. Barnaf{\"o}ldi and L.S. Barnby and V. Barret and P. Bartalini and K. Barth and J. Bartke and E. Bartsch and M. Basile and N. Bastid and S. Basu and B. Bathen and G. Batigne and A. Batista Camejo and B. Batyunya and P.C. Batzing and I.G. Bearden and H. Beck and C. Bedda and N.K. Behera and I. Belikov and F. Bellini and H. Bello Martinez and R. Bellwied and R. Belmont and E. Belmont-Moreno and L.G.E. Beltran and V. Belyaev and G. Bencedi and S. Beole and I. Berceanu and A. Bercuci and Y. Berdnikov and D. Berenyi and R.A. Bertens and D. Berzano and L. Betev and A. Bhasin and I.R. Bhat and A.K. Bhati and B. Bhattacharjee and J. Bhom and L. Bianchi and N. Bianchi and C. Bianchin and J. Biel{\v c}{\'\i}k and J. Biel{\v c}{\'\i}kov{\'a} and A. Bilandzic and G. Biro and R. Biswas and S. Biswas and S. Bjelogrlic and J.T. Blair and D. Blau and C. Blume and F. Bock and A. Bogdanov and H. B{\o}ggild and L. Boldizs{\'a}r and M. Bombara and M. Bonora and J. Book and H. Borel and A. Borissov and M. Borri and F. Boss{\'u} and E. Botta and C. Bourjau and P. Braun-Munzinger and M. Bregant and T. Breitner and T.A. Broker and T.A. Browning and M. Broz and E.J. Brucken and E. Bruna and G.E. Bruno and D. Budnikov and H. Buesching and S. Bufalino and S.A.I. Buitron and P. Buncic and O. Busch and Z. Buthelezi and J.B. Butt and J.T. Buxton and J. Cabala and D. Caffarri and X. Cai and H. Caines and L. Calero Diaz and A. Caliva and E. Calvo Villar and P. Camerini and F. Carena and W. Carena and F. Carnesecchi and J. Castillo Castellanos and A.J. Castro and E.A.R. Casula and C. Ceballos Sanchez and J. Cepila and P. Cerello and J. Cerkala and B. Chang and S. Chapeland and M. Chartier and J.L. Charvet and S. Chattopadhyay and S. Chattopadhyay and A. Chauvin and V. Chelnokov and M. Cherney and C. Cheshkov and B. Cheynis and V. Chibante Barroso and D.D. Chinellato and S. Cho and P. Chochula and K. Choi and M. Chojnacki and S. Choudhury and P. Christakoglou and C.H. Christensen and P. Christiansen and T. Chujo and S.U. Chung and C. Cicalo and L. Cifarelli and F. Cindolo and J. Cleymans and F. Colamaria and D. Colella and A. Collu and M. Colocci and G. Conesa Balbastre and Z. Conesa del Valle and M.E. Connors and J.G. Contreras and T.M. Cormier and Y. Corrales Morales and I. Cort{\'e}s Maldonado and P. Cortese and M.R. Cosentino and F. Costa and J. Crkovsk{\'a} and P. Crochet and R. Cruz Albino and E. Cuautle and L. Cunqueiro and T. Dahms and A. Dainese and M.C. Danisch and A. Danu and D. Das and I. Das and S. Das and A. Dash and S. Dash and S. De and A. De Caro and G. de Cataldo and C. de Conti and J. de Cuveland and A. De Falco and D. De Gruttola and N. De Marco and S. De Pasquale and R.D. De Souza and A. Deisting and A. Deloff and C. Deplano and P. Dhankher and D. Di Bari and A. Di Mauro and P. Di Nezza and B. Di Ruzza and M.A. Diaz Corchero and T. Dietel and P. Dillenseger and R. Divi{\`a} and {\O}. Djuvsland and A. Dobrin and D. Domenicis Gimenez and B. D{\"o}nigus and O. Dordic and T. Drozhzhova and A.K. Dubey and A. Dubla and L. Ducroux and P. Dupieux and R.J. Ehlers and D. Elia and E. Endress and H. Engel and E. Epple and B. Erazmus and I. Erdemir and F. Erhardt and B. Espagnon and M. Estienne and S. Esumi and G. Eulisse and J. Eum and D. Evans and S. Evdokimov and G. Eyyubova and L. Fabbietti and D. Fabris and J. Faivre and A. Fantoni and M. Fasel and L. Feldkamp and A. Feliciello and G. Feofilov and J. Ferencei and A. Fern{\'a}ndez T{\'e}llez and E.G. Ferreiro and A. Ferretti and A. Festanti and V.J.G. Feuillard and J. Figiel and M.A.S. Figueredo and S. Filchagin and D. Finogeev and F.M. Fionda and E.M. Fiore and M. Floris and S. Foertsch and P. Foka and S. Fokin and E. Fragiacomo and A. Francescon and A. Francisco and U. Frankenfeld and G.G. Fronze and U. Fuchs and C. Furget and A. Furs and M. Fusco Girard and J.J. Gaardh{\o}je and M. Gagliardi and A.M. Gago and K. Gajdosova and M. Gallio and C.D. Galvan and D.R. Gangadharan and P. Ganoti and C. Gao and C. Garabatos and E. Garcia-Solis and K. Garg and C. Gargiulo and P. Gasik and E.F. Gauger and M. Germain and M. Gheata and P. Ghosh and S.K. Ghosh and P. Gianotti and P. Giubellino and P. Giubilato and E. Gladysz-Dziadus and P. Gl{\"a}ssel and D.M. Gom{\'e}z Coral and A. Gomez Ramirez and A.S. Gonzalez and V. Gonzalez and P. Gonz{\'a}lez-Zamora and S. Gorbunov and L. G{\"o}rlich and S. Gotovac and V. Grabski and O.A. Grachov and L.K. Graczykowski and K.L. Graham and A. Grelli and A. Grigoras and C. Grigoras and V. Grigoriev and A. Grigoryan and S. Grigoryan and B. Grinyov and N. Grion and J.M. Gronefeld and J.F. Grosse-Oetringhaus and R. Grosso and L. Gruber and F. Guber and R. Guernane and B. Guerzoni and K. Gulbrandsen and T. Gunji and A. Gupta and R. Gupta and I.B. Guzman and R. Haake and C. Hadjidakis and M. Haiduc and H. Hamagaki and G. Hamar and J.C. Hamon and J.W. Harris and A. Harton and D. Hatzifotiadou and S. Hayashi and S.T. Heckel and E. Hellb{\"a}r and H. Helstrup and A. Herghelegiu and G. Herrera Corral and F. Herrmann and B.A. Hess and K.F. Hetland and H. Hillemanns and B. Hippolyte and D. Horak and R. Hosokawa and P. Hristov and C. Hughes and T.J. Humanic and N. Hussain and T. Hussain and D. Hutter and D.S. Hwang and R. Ilkaev and M. Inaba and E. Incani and M. Ippolitov and M. Irfan and V. Isakov and M. Ivanov and V. Ivanov and V. Izucheev and B. Jacak and N. Jacazio and P.M. Jacobs and M.B. Jadhav and S. Jadlovska and J. Jadlovsky and C. Jahnke and M.J. Jakubowska and M.A. Janik and P.H.S.Y. Jayarathna and C. Jena and S. Jena and R.T. Jimenez Bustamante and P.G. Jones and H. Jung and A. Jusko and P. Kalinak and A. Kalweit and J.H. Kang and V. Kaplin and S. Kar and A. Karasu Uysal and O. Karavichev and T. Karavicheva and L. Karayan and E. Karpechev and U. Kebschull and R. Keidel and D.L.D. Keijdener and M. Keil and M. Mohisin Khan and P. Khan and S.A. Khan and A. Khanzadeev and Y. Kharlov and A. Khatun and B. Kileng and D.W. Kim and D.J. Kim and D. Kim and H. Kim and J.S. Kim and J. Kim and M. Kim and M. Kim and S. Kim and T. Kim and S. Kirsch and I. Kisel and S. Kiselev and A. Kisiel and G. Kiss and J.L. Klay and C. Klein and J. Klein and C. Klein-B{\"o}sing and S. Klewin and A. Kluge and M.L. Knichel and A.G. Knospe and C. Kobdaj and M. Kofarago and T. Kollegger and A. Kolojvari and V. Kondratiev and N. Kondratyeva and E. Kondratyuk and A. Konevskikh and M. Kopcik and M. Kour and C. Kouzinopoulos and O. Kovalenko and V. Kovalenko and M. Kowalski and G. Koyithatta Meethaleveedu and I. Kr{\'a}lik and A. Krav{\v c}{\'a}kov{\'a} and M. Krivda and F. Krizek and E. Kryshen and M. Krzewicki and A.M. Kubera and V. Ku{\v c}era and C. Kuhn and P.G. Kuijer and A. Kumar and J. Kumar and L. Kumar and S. Kumar and P. Kurashvili and A. Kurepin and A.B. Kurepin and A. Kuryakin and M.J. Kweon and Y. Kwon and S.L. La Pointe and P. La Rocca and P. Ladron de Guevara and C. Lagana Fernandes and I. Lakomov and R. Langoy and K. Lapidus and C. Lara and A. Lardeux and A. Lattuca and E. Laudi and R. Lea and L. Leardini and S. Lee and F. Lehas and S. Lehner and R.C. Lemmon and V. Lenti and E. Leogrande and I. Le{\'o}n Monz{\'o}n and H. Le{\'o}n Vargas and M. Leoncino and P. L{\'e}vai and S. Li and X. Li and J. Lien and R. Lietava and S. Lindal and V. Lindenstruth and C. Lippmann and M.A. Lisa and H.M. Ljunggren and D.F. Lodato and P.I. Loenne and V. Loginov and C. Loizides and X. Lopez and E. L{\'o}pez Torres and A. Lowe and P. Luettig and M. Lunardon and G. Luparello and M. Lupi and T.H. Lutz and A. Maevskaya and M. Mager and S. Mahajan and S.M. Mahmood and A. Maire and R.D. Majka and M. Malaev and I. Maldonado Cervantes and L. Malinina and D. Mal'Kevich and P. Malzacher and A. Mamonov and V. Manko and F. Manso and V. Manzari and Y. Mao and M. Marchisone and J. Mare{\v s} and G.V. Margagliotti and A. Margotti and J. Margutti and A. Mar{\'\i}n and C. Markert and M. Marquard and N.A. Martin and P. Martinengo and M.I. Mart{\'\i}nez and G. Mart{\'\i}nez Garc{\'\i}a and M. Martinez Pedreira and A. Mas and S. Masciocchi and M. Masera and A. Masoni and A. Mastroserio and A. Matyja and C. Mayer and J. Mazer and M. Mazzilli and M.A. Mazzoni and F. Meddi and Y. Melikyan and A. Menchaca-Rocha and E. Meninno and J. Mercado P{\'e}rez and M. Meres and S. Mhlanga and Y. Miake and M.M. Mieskolainen and K. Mikhaylov and L. Milano and J. Milosevic and A. Mischke and A.N. Mishra and T. Mishra and D. Mi{\'s}kowiec and J. Mitra and C.M. Mitu and N. Mohammadi and B. Mohanty and L. Molnar and L. Monta{\~n}o Zetina and E. Montes and D.A. Moreira De Godoy and L.A.P. Moreno and S. Moretto and A. Morreale and A. Morsch and V. Muccifora and E. Mudnic and D. M{\"u}hlheim and S. Muhuri and M. Mukherjee and J.D. Mulligan and M.G. Munhoz and K. M{\"u}nning and R.H. Munzer and H. Murakami and S. Murray and L. Musa and J. Musinsky and B. Naik and R. Nair and B.K. Nandi and R. Nania and E. Nappi and M.U. Naru and H. Natal da Luz and C. Nattrass and S.R. Navarro and K. Nayak and R. Nayak and T.K. Nayak and S. Nazarenko and A. Nedosekin and R.A. Negrao De Oliveira and L. Nellen and F. Ng and M. Nicassio and M. Niculescu and J. Niedziela and B.S. Nielsen and S. Nikolaev and S. Nikulin and V. Nikulin and F. Noferini and P. Nomokonov and G. Nooren and J.C.C. Noris and J. Norman and A. Nyanin and J. Nystrand and H. Oeschler and S. Oh and S.K. Oh and A. Ohlson and A. Okatan and T. Okubo and L. Olah and J. Oleniacz and A.C. Oliveira Da Silva and M.H. Oliver and J. Onderwaater and C. Oppedisano and R. Orava and M. Oravec and A. Ortiz Velasquez and A. Oskarsson and J. Otwinowski and K. Oyama and M. Ozdemir and Y. Pachmayer and D. Pagano and P. Pagano and G. Pai{\'c} and S.K. Pal and P. Palni and J. Pan and A.K. Pandey and V. Papikyan and G.S. Pappalardo and P. Pareek and J. Park and W.J. Park and S. Parmar and A. Passfeld and V. Paticchio and R.N. Patra and B. Paul and H. Pei and T. Peitzmann and X. Peng and H. Pereira Da Costa and D. Peresunko and E. Perez Lezama and V. Peskov and Y. Pestov and V. Petr{\'a}{\v c}ek and V. Petrov and M. Petrovici and C. Petta and S. Piano and M. Pikna and P. Pillot and L.O.D.L. Pimentel and O. Pinazza and L. Pinsky and D.B. Piyarathna and M. P{\l}osko{\'n} and M. Planinic and J. Pluta and S. Pochybova and P.L.M. Podesta-Lerma and M.G. Poghosyan and B. Polichtchouk and N. Poljak and W. Poonsawat and A. Pop and H. Poppenborg and S. Porteboeuf-Houssais and J. Porter and J. Pospisil and S.K. Prasad and R. Preghenella and F. Prino and C.A. Pruneau and I. Pshenichnov and M. Puccio and G. Puddu and P. Pujahari and V. Punin and J. Putschke and H. Qvigstad and A. Rachevski and S. Raha and S. Rajput and J. Rak and A. Rakotozafindrabe and L. Ramello and F. Rami and R. Raniwala and S. Raniwala and S.S. R{\"a}s{\"a}nen and B.T. Rascanu and D. Rathee and V. Ratza and I. Ravasenga and K.F. Read and K. Redlich and R.J. Reed and A. Rehman and P. Reichelt and F. Reidt and X. Ren and R. Renfordt and A.R. Reolon and A. Reshetin and K. Reygers and V. Riabov and R.A. Ricci and T. Richert and M. Richter and P. Riedler and W. Riegler and F. Riggi and C. Ristea and M. Rodr{\'\i}guez Cahuantzi and A. Rodriguez Manso and K. R{\o}ed and E. Rogochaya and D. Rohr and D. R{\"o}hrich and F. Ronchetti and L. Ronflette and P. Rosnet and A. Rossi and F. Roukoutakis and A. Roy and C. Roy and P. Roy and A.J. Rubio Montero and R. Rui and R. Russo and E. Ryabinkin and Y. Ryabov and A. Rybicki and S. Saarinen and S. Sadhu and S. Sadovsky and K. {\v S}afa{\v r}{\'\i}k and B. Sahlmuller and P. Sahoo and R. Sahoo and S. Sahoo and P.K. Sahu and J. Saini and S. Sakai and M.A. Saleh and J. Salzwedel and S. Sambyal and V. Samsonov and L. {\v S}{\'a}ndor and A. Sandoval and M. Sano and D. Sarkar and N. Sarkar and P. Sarma and E. Scapparone and F. Scarlassara and C. Schiaua and R. Schicker and C. Schmidt and H.R. Schmidt and M. Schmidt and S. Schuchmann and J. Schukraft and Y. Schutz and K. Schwarz and K. Schweda and G. Scioli and E. Scomparin and R. Scott and M. {\v S}ef{\v c}{\'\i}k and J.E. Seger and Y. Sekiguchi and D. Sekihata and I. Selyuzhenkov and K. Senosi and S. Senyukov and E. Serradilla and A. Sevcenco and A. Shabanov and A. Shabetai and O. Shadura and R. Shahoyan and A. Shangaraev and A. Sharma and M. Sharma and M. Sharma and N. Sharma and A.I. Sheikh and K. Shigaki and Q. Shou and K. Shtejer and Y. Sibiriak and S. Siddhanta and K.M. Sielewicz and T. Siemiarczuk and D. Silvermyr and C. Silvestre and G. Simatovic and G. Simonetti and R. Singaraju and R. Singh and V. Singhal and T. Sinha and B. Sitar and M. Sitta and T.B. Skaali and M. Slupecki and N. Smirnov and R.J.M. Snellings and T.W. Snellman and J. Song and M. Song and Z. Song and F. Soramel and S. Sorensen and F. Sozzi and E. Spiriti and I. Sputowska and M. Spyropoulou-Stassinaki and J. Stachel and I. Stan and P. Stankus and E. Stenlund and G. Steyn and J.H. Stiller and D. Stocco and P. Strmen and A.A.P. Suaide and T. Sugitate and C. Suire and M. Suleymanov and M. Suljic and R. Sultanov and M. {\v S}umbera and S. Sumowidagdo and S. Swain and A. Szabo and I. Szarka and A. Szczepankiewicz and M. Szymanski and U. Tabassam and J. Takahashi and G.J. Tambave and N. Tanaka and M. Tarhini and M. Tariq and M.G. Tarzila and A. Tauro and G. Tejeda Mu{\~n}oz and A. Telesca and K. Terasaki and C. Terrevoli and B. Teyssier and J. Th{\"a}der and D. Thakur and D. Thomas and R. Tieulent and A. Tikhonov and A.R. Timmins and A. Toia and S. Trogolo and G. Trombetta and V. Trubnikov and W.H. Trzaska and T. Tsuji and A. Tumkin and R. Turrisi and T.S. Tveter and K. Ullaland and A. Uras and G.L. Usai and A. Utrobicic and M. Vala and L. Valencia Palomo and J. Van Der Maarel and J.W. Van Hoorne and M. van Leeuwen and T. Vanat and P. Vande Vyvre and D. Varga and A. Vargas and M. Vargyas and R. Varma and M. Vasileiou and A. Vasiliev and A. Vauthier and O. V{\'a}zquez Doce and V. Vechernin and A.M. Veen and A. Velure and E. Vercellin and S. Vergara Lim{\'o}n and R. Vernet and L. Vickovic and J. Viinikainen and Z. Vilakazi and O. Villalobos Baillie and A. Villatoro Tello and A. Vinogradov and L. Vinogradov and T. Virgili and V. Vislavicius and Y.P. Viyogi and A. Vodopyanov and M.A. V{\"o}lkl and K. Voloshin and S.A. Voloshin and G. Volpe and B. von Haller and I. Vorobyev and D. Vranic and J. Vrl{\'a}kov{\'a} and B. Vulpescu and B. Wagner and J. Wagner and H. Wang and M. Wang and D. Watanabe and Y. Watanabe and M. Weber and S.G. Weber and D.F. Weiser and J.P. Wessels and U. Westerhoff and A.M. Whitehead and J. Wiechula and J. Wikne and G. Wilk and J. Wilkinson and G.A. Willems and M.C.S. Williams and B. Windelband and M. Winn and S. Yalcin and P. Yang and S. Yano and Z. Yin and H. Yokoyama and I.-K. Yoo and J.H. Yoon and V. Yurchenko and V. Zaccolo and A. Zaman and C. Zampolli and H.J.C. Zanoli and S. Zaporozhets and N. Zardoshti and A. Zarochentsev and P. Z{\'a}vada and N. Zaviyalov and H. Zbroszczyk and I.S. Zgura and M. Zhalov and H. Zhang and X. Zhang and Y. Zhang and C. Zhang and Z. Zhang and C. Zhao and N. Zhigareva and D. Zhou and Y. Zhou and Z. Zhou and H. Zhu and J. Zhu and A. Zichichi and A. Zimmermann and M.B. Zimmermann and G. Zinovjev and M. Zyzak},
	Date-Added = {2017-04-27 11:22:15 +0000},
	Date-Modified = {2017-04-27 11:22:15 +0000},
	Doi = {http://doi.org/10.1016/j.physletb.2016.12.064},
	Issn = {0370-2693},
	Journal = {Physics Letters B},
	Pages = {212 - 224},
	Title = {J/ψ suppression at forward rapidity in Pb--Pb collisions at},
	Url = {http://www.sciencedirect.com/science/article/pii/S0370269317300102},
	Volume = {766},
	Year = {2017},
	Bdsk-Url-1 = {http://www.sciencedirect.com/science/article/pii/S0370269317300102},
	Bdsk-Url-2 = {http://doi.org/10.1016/j.physletb.2016.12.064}}

@article{BADIER1982457,
	Abstract = {From the analysis of multimuon events produced by π− interactions at 150 and 280 GeV/c in the NA3 spectrometer, we present evidence for the production of two J/ψ mesons in the same interaction (13 events seen, for an expected background of about 0.2 events). Some possible production mechanisms are described and an estimation of the cross section is given.},
	Author = {J. Badier and J. Boucrot and J. Bourotte and G. Burgun and O. Callot and Ph. Charpentier and M. Crozon and D. Decamp and P. Delpierre and B. Gandois and R. Hagelberg and M. Hansroul and Y. Karyotakis and W. Kienzle and P. Le D{\^u} and J. Lefran{\c c}ois and Th. Leray and J. Maillard and A. Michelini and Ph. Min{\'e} and G. Rahal and O. Runolfsson and P. Siegrist and A. Tilquin and J. Valentin and R. Vanderhaghen and S. Weisz},
	Date-Added = {2017-04-27 11:06:25 +0000},
	Date-Modified = {2017-04-27 11:06:25 +0000},
	Doi = {http://dx.doi.org/10.1016/0370-2693(82)90091-0},
	Issn = {0370-2693},
	Journal = {Physics Letters B},
	Number = {6},
	Pages = {457 - 460},
	Title = {Evidence for ψψ production in π− interactions at 150 and 280 GeV/c},
	Url = {http://www.sciencedirect.com/science/article/pii/0370269382900910},
	Volume = {114},
	Year = {1982},
	Bdsk-Url-1 = {http://www.sciencedirect.com/science/article/pii/0370269382900910},
	Bdsk-Url-2 = {http://dx.doi.org/10.1016/0370-2693(82)90091-0}}

@article{Khachatryan2014,
	Abstract = {Production of prompt J/$\psi$ meson pairs in proton-proton collisions at                                                                                                                                             s                                                                              {\$}{\$} {\backslash}sqrt{\{}s{\}} {\$}{\$}                 = 7 TeV is measured with the CMS experiment at the LHC in a data sample corresponding to an integrated luminosity of about 4.7 fb−1. The two J/$\psi$ mesons are fully reconstructed via their decays into $\mu$                                  +                                $\mu$                                  −                 pairs. This observation provides for the first time access to the high-transverse-momentum region of J/$\psi$ pair production where model predictions are not yet established. The total and differential cross sections are measured in a phase space defined by the individual J/$\psi$ transverse momentum (p                T                J/$\psi$                ) and rapidity (|y                J/$\psi$                |): |y                J/$\psi$                 | < 1.2 for p                                  T                  J/$\psi$                                   > 6.5 GeV/c; 1.2 < |y                J/$\psi$                | < 1.43 for a p                T threshold that scales linearly with |y                J/$\psi$                | from 6.5 to 4.5 GeV/c; and 1.43 < |y                J/$\psi$                | < 2.2 for p                                  T                  J/$\psi$                                   > 4.5 GeV/c. The total cross section, assuming unpolarized prompt J/$\psi$ pair production is 1.49 {\textpm} 0.07 (stat) {\textpm}0.13 (syst) nb. Different assumptions about the J/$\psi$ polarization imply modifications to the cross section ranging from −31{\%} to +27{\%}.                                                                                      },
	Author = {Khachatryan, V. and Sirunyan, A. M. and Tumasyan, A. and Adam, W. and Bergauer, T. and Dragicevic, M. and Er{\"o}, J. and Fabjan, C. and Friedl, M. and Fr{\"u}hwirth, R. and Ghete, V. M. and Hartl, C. and H{\"o}rmann, N. and Hrubec, J. and Jeitler, M. and Kiesenhofer, W. and Kn{\"u}nz, V. and Krammer, M. and Kr{\"a}tschmer, I. and Liko, D. and Mikulec, I. and Rabady, D. and Rahbaran, B. and Rohringer, H. and Sch{\"o}fbeck, R. and Strauss, J. and Taurok, A. and Treberer-Treberspurg, W. and Waltenberger, W. and Wulz, C.-E. and Mossolov, V. and Shumeiko, N. and Gonzalez, J. Suarez and Alderweireldt, S. and Bansal, M. and Bansal, S. and Cornelis, T. and De Wolf, E. A. and Janssen, X. and Knutsson, A. and Luyckx, S. and Ochesanu, S. and Roland, B. and Rougny, R. and Van De Klundert, M. and Van Haevermaet, H. and Van Mechelen, P. and Van Remortel, N. and Van Spilbeeck, A. and Blekman, F. and Blyweert, S. and D'Hondt, J. and Daci, N. and Heracleous, N. and Keaveney, J. and Kim, T. J. and Lowette, S. and Maes, M. and Olbrechts, A. and Python, Q. and Strom, D. and Tavernier, S. and Van Doninck, W. and Van Mulders, P. and Van Onsem, G. P. and Villella, I. and Caillol, C. and Clerbaux, B. and De Lentdecker, G. and Dobur, D. and Favart, L. and Gay, A. P. R. and Grebenyuk, A. and L{\'e}onard, A. and Mohammadi, A. and Perni{\`e}, L. and Reis, T. and Seva, T. and Thomas, L. and Velde, C. Vander and Vanlaer, P. and Wang, J. and Adler, V. and Beernaert, K. and Benucci, L. and Cimmino, A. and Costantini, S. and Crucy, S. and Dildick, S. and Fagot, A. and Garcia, G. and Mccartin, J. and Rios, A. A. Ocampo and Ryckbosch, D. and Diblen, S. Salva and Sigamani, M. and Strobbe, N. and Thyssen, F. and Tytgat, M. and Yazgan, E. and Zaganidis, N. and Basegmez, S. and Beluffi, C. and Bruno, G. and Castello, R. and Caudron, A. and Ceard, L. and Da Silveira, G. G. and Delaere, C. and du Pree, T. and Favart, D. and Forthomme, L. and Giammanco, A. and Hollar, J. and Jez, P. and Komm, M. and Lemaitre, V. and Liao, J. and Nuttens, C. and Pagano, D. and Perrini, L. and Pin, A. and Piotrzkowski, K. and Popov, A. and Quertenmont, L. and Selvaggi, M. and Marono, M. Vidal and Garcia, J. M. Vizan and Beliy, N. and Caebergs, T. and Daubie, E. and Hammad, G. H. and Ald{\'a}, W. L. and Alves, G. A. and Martins, M. Correa and Martins, T. Dos Reis and Pol, M. E. and Carvalho, W. and Chinellato, J. and Cust{\'o}dio, A. and Da Costa, E. M. and De Jesus Damiao, D. and De Oliveira Martins, C. and De Souza, S. Fonseca and Malbouisson, H. and Figueiredo, D. Matos and Mundim, L. and Nogima, H. and Da Silva, W. L. Prado and Santaolalla, J. and Santoro, A. and Sznajder, A. and Manganote, E. J. Tonelli and Pereira, A. Vilela and Bernardes, C. A. and Dias, F. A. and Tomei, T. R. Fernandez Perez and Gregores, E. M. and Mercadante, P. G. and Novaes, S. F. and Padula, Sandra S. and Aleksandrov, A. and Genchev, V. and Iaydjiev, P. and Marinov, A. and Piperov, S. and Rodozov, M. and Sultanov, G. and Vutova, M. and Dimitrov, A. and Glushkov, I. and Hadjiiska, R. and Kozhuharov, V. and Litov, L. and Pavlov, B. and Petkov, P. and Bian, J. G. and Chen, G. M. and Chen, H. S. and Chen, M. and Du, R. and Jiang, C. H. and Liang, D. and Liang, S. and Plestina, R. and Tao, J. and Wang, X. and Wang, Z. and Asawatangtrakuldee, C. and Ban, Y. and Guo, Y. and Li, W. and Liu, S. and Mao, Y. and Qian, S. J. and Teng, H. and Wang, D. and Zhang, L. and Zou, W. and Avila, C. and Sierra, L. F. Chaparro and Florez, C. and Gomez, J. P. and Moreno, B. Gomez and Sanabria, J. C. and Godinovic, N. and Lelas, D. and Polic, D. and Puljak, I. and Antunovic, Z. and Kovac, M. and Brigljevic, V. and Kadija, K. and Luetic, J. and Mekterovic, D. and Sudic, L. and Attikis, A. and Mavromanolakis, G. and Mousa, J. and Nicolaou, C. and Ptochos, F. and Razis, P. A. and Bodlak, M. and Finger, M. and Finger, M. and Assran, Y. and Kamel, A. Ellithi and Mahmoud, M. A. and Radi, A. and Kadastik, M. and Murumaa, M. and Raidal, M. and Tiko, A. and Eerola, P. and Fedi, G. and Voutilainen, M. and H{\"a}rk{\"o}nen, J. and Karim{\"a}ki, V. and Kinnunen, R. and Kortelainen, M. J. and Lamp{\'e}n, T. and Lassila-Perini, K. and Lehti, S. and Lind{\'e}n, T. and Luukka, P. and M{\"a}enp{\"a}{\"a}, T. and Peltola, T. and Tuominen, E. and Tuominiemi, J. and Tuovinen, E. and Wendland, L. and Tuuva, T. and Besancon, M. and Couderc, F. and Dejardin, M. and Denegri, D. and Fabbro, B. and Faure, J. L. and Favaro, C. and Ferri, F. and Ganjour, S. and Givernaud, A. and Gras, P. and de Monchenault, G. Hamel and Jarry, P. and Locci, E. and Malcles, J. and Rander, J. and Rosowsky, A. and Titov, M. and Baffioni, S. and Beaudette, F. and Busson, P. and Charlot, C. and Dahms, T. and Dalchenko, M. and Dobrzynski, L. and Filipovic, N. and Florent, A. and de Cassagnac, R. Granier and Mastrolorenzo, L. and Min{\'e}, P. and Mironov, C. and Naranjo, I. N. and Nguyen, M. and Ochando, C. and Paganini, P. and Salerno, R. and Sauvan, J. B. and Sirois, Y. and Veelken, C. and Yilmaz, Y. and Zabi, A. and Agram, J.-L. and Andrea, J. and Aubin, A. and Bloch, D. and Brom, J.-M. and Chabert, E. C. and Collard, C. and {etal}},
	Date-Modified = {2017-04-27 08:43:45 +0000},
	Doi = {10.1007/JHEP09(2014)094},
	Issn = {1029-8479},
	Journal = {Journal of High Energy Physics},
	Number = {9},
	Pages = {94},
	Read = {1},
	Title = {Measurement of prompt J/$\psi$ pair production in pp collisions at s {\$}{\$} {\backslash}sqrt{\{}s{\}} {\$}{\$} = 7 Tev},
	Url = {http://dx.doi.org/10.1007/JHEP09(2014)094},
	Volume = {2014},
	Year = {2014},
	Bdsk-Url-1 = {http://dx.doi.org/10.1007/JHEP09(2014)094}}
@article{Aaij:2016bqq,
      author         = "Aaij, Roel and others",
      title          = "{Measurement of the $J/\psi$ pair production
                        cross-section in $pp$ collisions at $\sqrt{s} = 13
                        \,{\mathrm{TeV}}$}",
      collaboration  = "LHCb",
      year           = "2016",
      eprint         = "1612.07451",
      archivePrefix  = "arXiv",
      primaryClass   = "hep-ex",
      reportNumber   = "CERN-EP-2016-307, LHCB-PAPER-2016-057",
      SLACcitation   = "%%CITATION = ARXIV:1612.07451;%%"
}